@inproceedings{kadhe2015analyzing,
  title={Analyzing the download time of availability codes},
  author={Kadhe, Swanand and Soljanin, Emina and Sprintson, Alex},
  booktitle={2015 IEEE International Symposium on Information Theory (ISIT)},
  pages={1467--1471},
  year={2015},
  organization={IEEE}
}

@article{flatto1984two,
  title={Two parallel queues created by arrivals with two demands I},
  author={Flatto, Leopold and Hahn, S},
  journal={SIAM Journal on Applied Mathematics},
  volume={44},
  number={5},
  pages={1041--1053},
  year={1984},
  publisher={SIAM}
}

@article{flatto1985two,
  title={Two parallel queues created by arrivals with two demands II},
  author={Flatto, Leopold},
  journal={SIAM Journal on Applied Mathematics},
  volume={45},
  number={5},
  pages={861--878},
  year={1985},
  publisher={SIAM}
}

@article{nelson1988approximate,
  title={Approximate analysis of fork/join synchronization in parallel queues},
  author={Nelson, Randolph and Tantawi, Asser N},
  journal={IEEE transactions on computers},
  volume={37},
  number={6},
  pages={739--743},
  year={1988},
  publisher={IEEE}
}

@book{gallager2013stochastic,
  title={Stochastic processes: theory for applications},
  author={Gallager, Robert G},
  year={2013},
  publisher={Cambridge University Press}
}

@article{wolff1982poisson,
  title={Poisson arrivals see time averages},
  author={Wolff, Ronald W},
  journal={Operations Research},
  volume={30},
  number={2},
  pages={223--231},
  year={1982},
  publisher={INFORMS}
}

@inproceedings{joshi2012coding,
  title={Coding for fast content download},
  author={Joshi, Gauri and Liu, Yanpei and Soljanin, Emina},
  booktitle={Communication, Control, and Computing (Allerton), 2012 50th Annual Allerton Conference on},
  pages={326--333},
  year={2012},
  organization={IEEE}
}

@inproceedings{rodrigues2005high,
  title={High availability in DHTs: Erasure coding vs. replication},
  author={Rodrigues, Rodrigo and Liskov, Barbara},
  booktitle={International Workshop on Peer-to-Peer Systems},
  pages={226--239},
  year={2005},
  organization={Springer}
}

@article{dimakis2010network,
  title={Network coding for distributed storage systems},
  author={Dimakis, Alexandros G and Godfrey, P Brighten and Wu, Yunnan and Wainwright, Martin J and Ramchandran, Kannan},
  journal={IEEE Transactions on Information Theory},
  volume={56},
  number={9},
  pages={4539--4551},
  year={2010},
  publisher={IEEE}
}

@inproceedings{greenan2008spin,
  title={A Spin-Up Saved Is Energy Earned: Achieving Power-Efficient, Erasure-Coded Storage.},
  author={Greenan, Kevin M and Long, Darrell DE and Miller, Ethan L and Schwarz, Thomas JE and Wylie, Jay J},
  booktitle={HotDep},
  year={2008}
}

@article{greenan2009reliability,
  title={Reliability and power-efficiency in erasure-coded storage systems},
  author={Greenan, K},
  journal={UC Santa Cruz, Tech. Rep. UCSC--SSRC--09--08},
  year={2009},
  publisher={Citeseer}
}

@article{joshi2015efficient,
  title={Efficient redundancy techniques for latency reduction in cloud systems},
  author={Joshi, Gauri and Soljanin, Emina and Wornell, Gregory},
  journal={arXiv preprint arXiv:1508.03599},
  year={2015}
}

@article{joshi2015queues,
  title={Queues with redundancy: Latency-cost analysis},
  author={Joshi, Gauri and Soljanin, Emina and Wornell, Gregory},
  journal={ACM SIGMETRICS Performance Evaluation Review},
  volume={43},
  number={2},
  pages={54--56},
  year={2015},
  publisher={ACM}
}

@article{yates1999probability,
  title={Probability and stochastic processes},
  author={Yates, Roy D and Goodman, David J},
  journal={John Willey \& Sons},
  year={1999}
}

@book{MorHB13,
 author = {Harchol-Balter, Mor},
 title = {Performance Modeling and Design of Computer Systems: Queueing Theory in Action},
 year = {2013},
 isbn = {1107027500, 9781107027503},
 edition = {1st},
 publisher = {Cambridge University Press},
 address = {New York, NY, USA},
}

@article{varki2001response,
  title={Response time analysis of parallel computer and storage systems},
  author={Varki, Elizabeth},
  journal={IEEE Transactions on parallel and distributed systems},
  volume={12},
  number={11},
  pages={1146--1161},
  year={2001},
  publisher={IEEE}
}

@inproceedings{rawat2014locality,
  title={Locality and availability in distributed storage},
  author={Rawat, Ankit Singh and Papailiopoulos, Dimitris S and Dimakis, Alexandros G and Vishwanath, Sriram},
  booktitle={2014 IEEE International Symposium on Information Theory},
  pages={681--685},
  year={2014},
  organization={IEEE}
}

@inproceedings{tamo2014bounds,
  title={Bounds on locally recoverable codes with multiple recovering sets},
  author={Tamo, Itzhak and Barg, Alexander},
  booktitle={2014 IEEE International Symposium on Information Theory},
  pages={691--695},
  year={2014},
  organization={IEEE}
}

@inproceedings{huang2012erasure,
  title={Erasure coding in windows azure storage},
  author={Huang, Cheng and Simitci, Huseyin and Xu, Yikang and Ogus, Aaron and Calder, Brad and Gopalan, Parikshit and Li, Jin and Yekhanin, Sergey},
  booktitle={Presented as part of the 2012 USENIX Annual Technical Conference (USENIX ATC 12)},
  pages={15--26},
  year={2012}
}

@article{primererasure,
  title={Erasure Codes for Storage Systems},
  author={Primer, A Brief}
}

@inproceedings{sathiamoorthy2013xoring,
  title={Xoring elephants: Novel erasure codes for big data},
  author={Sathiamoorthy, Maheswaran and Asteris, Megasthenis and Papailiopoulos, Dimitris and Dimakis, Alexandros G and Vadali, Ramkumar and Chen, Scott and Borthakur, Dhruba},
  booktitle={Proceedings of the VLDB Endowment},
  volume={6},
  number={5},
  pages={325--336},
  year={2013},
  organization={VLDB Endowment}
}

@inproceedings{datta2013storage,
  title={Storage codes: managing big data with small overheads},
  author={Datta, Anwitaman and Oggier, Fr{\'e}d{\'e}rique},
  booktitle={2013 International Symposium on Network Coding (NetCod)},
  pages={1--6},
  year={2013},
  organization={IEEE}
}

@article{li2013erasure,
  title={Erasure coding for cloud storage systems: a survey},
  author={Li, Jun and Li, Baochun},
  journal={Tsinghua Science and Technology},
  volume={18},
  number={3},
  pages={259--272},
  year={2013},
  publisher={TUP}
}

@article{kuijper2014erasure,
  title={Erasure codes with simplex locality},
  author={Kuijper, Margreta and Napp, Diego},
  journal={arXiv preprint arXiv:1403.2779},
  year={2014}
}

@inproceedings{ishai2004batch,
  title={Batch codes and their applications},
  author={Ishai, Yuval and Kushilevitz, Eyal and Ostrovsky, Rafail and Sahai, Amit},
  booktitle={Proceedings of the thirty-sixth annual ACM symposium on Theory of computing},
  pages={262--271},
  year={2004},
  organization={ACM}
}

@article{skachek2016batch,
  title={Batch and PIR Codes and Their Connections to Locally-Repairable Codes},
  author={Skachek, Vitaly},
  journal={arXiv preprint arXiv:1611.09914},
  year={2016}
}

